<?xml version="1.0" encoding="UTF-8"?><collection xmlns="http://www.loc.gov/MARC21/slim"><record><leader>00461nam--2200169-i-4500</leader><controlfield tag="001">000049261</controlfield><controlfield tag="002">20161230</controlfield><controlfield tag="005">20170119102300</controlfield><controlfield tag="008">060222s1000------------r-----000-0-eng-d</controlfield><datafield ind1=" " ind2=" " tag="040"><subfield code="a">IFIN-HH</subfield></datafield><datafield ind1=" " ind2=" " tag="080"><subfield code="a">539.17:512.643</subfield></datafield><datafield ind1="1" ind2=" " tag="100"><subfield code="a">Sitenko, A.G</subfield></datafield><datafield ind1="1" ind2="0" tag="245"><subfield code="a">Theory of Nuclear Reactions</subfield><subfield code="b">Translator O.D. Kocherga</subfield><subfield code="c">A.G. Sitenko</subfield></datafield><datafield ind1=" " ind2=" " tag="260"><subfield code="a">Singapore</subfield><subfield code="b">World Scientific</subfield><subfield code="c">1990</subfield></datafield><datafield ind1=" " ind2=" " tag="300"><subfield code="a">xiii+620p</subfield></datafield><datafield ind1=" " ind2=" " tag="852"><subfield code="a">81912</subfield><subfield code="c">539.17</subfield></datafield><datafield ind1=" " ind2=" " tag="CAT"><subfield code="a">SYS</subfield><subfield code="c">20170119</subfield><subfield code="h">102300</subfield></datafield></record></collection>